<record><leader>00000cas a2200000 a 4500</leader><controlfield tag="001">10486756</controlfield><controlfield tag="008">840305d196119uuvi cr ne      0   a0eng c</controlfield><datafield ind1=" " ind2=" " tag="010"><subfield code="a">sn 84037535 </subfield></datafield><datafield ind1=" " ind2=" " tag="040"><subfield code="a">NVI</subfield><subfield code="b">eng</subfield><subfield code="c">NPV</subfield><subfield code="d">DLC</subfield><subfield code="d">OCLCQ</subfield><subfield code="d">DLC</subfield><subfield code="d">OCLCA</subfield><subfield code="d">OCLCF</subfield></datafield><datafield ind1="1" ind2=" " tag="029"><subfield code="a">AU@</subfield><subfield code="b">000025813432</subfield></datafield><datafield ind1=" " ind2=" " tag="042"><subfield code="a">pcc</subfield></datafield><datafield ind1=" " ind2=" " tag="043"><subfield code="a">nwvi---</subfield></datafield><datafield ind1="0" ind2="0" tag="050"><subfield code="a">Newspaper</subfield></datafield><datafield ind1="0" ind2="4" tag="245"><subfield code="a">The St. Croix news-current.</subfield></datafield><datafield ind1="3" ind2="0" tag="246"><subfield code="a">Saint Croix news current</subfield></datafield><datafield ind1="1" ind2="3" tag="246"><subfield code="a">News-current</subfield></datafield><datafield ind1=" " ind2=" " tag="260"><subfield code="a">Christiansted, St. Croix, V.I. :</subfield><subfield code="b">Independent Pub. Co.</subfield></datafield><datafield ind1=" " ind2=" " tag="300"><subfield code="a">v. :</subfield><subfield code="b">ill. ;</subfield><subfield code="c">42 cm.</subfield></datafield><datafield ind1=" " ind2=" " tag="310"><subfield code="a">Semiweekly,</subfield><subfield code="b">&lt;June 28-Oct. 4, 1967&gt;</subfield></datafield><datafield ind1=" " ind2=" " tag="321"><subfield code="a">Daily (except Mon. &amp; Sat),</subfield><subfield code="b">&lt;Jan. 17, 1965-June 1, 1967&gt;</subfield></datafield><datafield ind1="1" ind2=" " tag="362"><subfield code="a">Began in 1961? Ceased with Sept. 9, 1966?</subfield></datafield><datafield ind1=" " ind2=" " tag="500"><subfield code="a">"Full internal self-government for the Virgin Islands."</subfield></datafield><datafield ind1=" " ind2=" " tag="500"><subfield code="a">"Dedicated to the progress of St. Croix and the Virgin Islands."</subfield></datafield><datafield ind1=" " ind2=" " tag="500"><subfield code="a">Editor: Roy A. Gottlieb and William Harvey, 1961-1966.</subfield></datafield><datafield ind1=" " ind2=" " tag="530"><subfield code="a">Also issued on microfilm from the Library of Congress, Photoduplication Service.</subfield></datafield><datafield ind1=" " ind2=" " tag="588"><subfield code="a">Description based on: 1st year, Oct. 11, 1961.</subfield></datafield><datafield ind1=" " ind2="0" tag="651"><subfield code="a">Christiansted (United States Virgin Islands)</subfield><subfield code="v">Newspapers.</subfield></datafield><datafield ind1=" " ind2="7" tag="655"><subfield code="a">Newspapers.</subfield><subfield code="2">fast</subfield><subfield code="0">(OCoLC)fst01423814</subfield></datafield><datafield ind1=" " ind2="7" tag="651"><subfield code="a">United States Virgin Islands</subfield><subfield code="z">Christiansted.</subfield><subfield code="2">fast</subfield><subfield code="0">(OCoLC)fst01861758</subfield></datafield><datafield ind1=" " ind2=" " tag="752"><subfield code="a">United States</subfield><subfield code="b">Virgin Islands</subfield><subfield code="c">Saint Croix</subfield><subfield code="d">Christiansted.</subfield></datafield></record>